@book{Olver_14,
  title = {Introduction to {{Partial Differential Equations}}},
  author = {Olver, Peter J.},
  date = {2014},
  series = {Undergraduate {{Texts}} in {{Mathematics}}},
  publisher = {{Springer International Publishing}},
  location = {{Cham}},
  doi = {10.1007/978-3-319-02099-0},
  isbn = {978-3-319-02098-3},
  langid = {english}
}

@book{ShearerLevy_15,
  title = {Partial {{Differential Equations}}: {{An Introduction}} to {{Theory}} and {{Applications}}},
  shorttitle = {Partial {{Differential Equations}}},
  author = {Shearer, Michael and Levy, Rachel},
  date = {2015-03-01},
  publisher = {{Princeton University Press}},
  isbn = {978-1-4008-6660-1},
  langid = {english},
  pagetotal = {287}
}

@book{Evans_10,
  title = {Partial {{Differential Equations}}},
  author = {Evans, Lawrence C.},
  date = {2010},
  publisher = {{American Mathematical Soc.}},
  isbn = {978-0-8218-4974-3},
  langid = {english},
  pagetotal = {778}
}

